<?xml version="1.0" encoding="UTF-8"?><record xmlns="http://www.loc.gov/MARC21/slim" xmlns:cinclude="http://apache.org/cocoon/include/1.0" xmlns:zs="http://www.loc.gov/zing/srw/">
  <leader>00437nz  a2200133n  4500</leader>
  <controlfield tag="001">n  99258341 </controlfield>
  <controlfield tag="003">DLC</controlfield>
  <controlfield tag="005">19991025154216.0</controlfield>
  <controlfield tag="008">991025n| acannaabn          |n aaa      </controlfield>
  <datafield tag="010" ind1=" " ind2=" ">
    <subfield code="a">n  99258341 </subfield>
  </datafield>
  <datafield tag="040" ind1=" " ind2=" ">
    <subfield code="a">DLC</subfield>
    <subfield code="b">eng</subfield>
    <subfield code="c">DLC</subfield>
  </datafield>
  <datafield tag="100" ind1="1" ind2=" ">
    <subfield code="a">Úlehla, Vladimír,</subfield>
    <subfield code="d">1888-1947</subfield>
  </datafield>
  <datafield tag="670" ind1=" " ind2=" ">
    <subfield code="a">Úlehla, Vladimír. Duše lidu, 1998:</subfield>
    <subfield code="b">t.p. (Vladimír Úlehla) p. 9 (d. 1947)</subfield>
  </datafield>
  <datafield tag="670" ind1=" " ind2=" ">
    <subfield code="a">LC data base, 10-25-99</subfield>
    <subfield code="b">(hdg.: Úlehla, Vladimír, 1888-1947)</subfield>
  </datafield>
</record>